@article{orig,
  author    = {Joel Veness and
               Kee Siong Ng and
               Marcus Hutter and
               David Silver},
  title     = {A Monte Carlo {AIXI} Approximation},
  journal   = {CoRR},
  volume    = {abs/0909.0801},
  year      = {2009},
  url       = {http://arxiv.org/abs/0909.0801},
  archivePrefix = {arXiv},
  eprint    = {0909.0801},
  timestamp = {Mon, 13 Aug 2018 16:47:58 +0200},
  biburl    = {https://dblp.org/rec/bib/journals/corr/abs-0909-0801},
  bibsource = {dblp computer science bibliography, https://dblp.org}
}

@article{fps,
author    = {Michal Kempka and
Marek Wydmuch and
Grzegorz Runc and
Jakub Toczek and
Wojciech Jaskowski},
title     = {ViZDoom: {A} Doom-based {AI} Research Platform for Visual Reinforcement
Learning},
journal   = {CoRR},
volume    = {abs/1605.02097},
year      = {2016}
}

